<record xmlns="http://www.loc.gov/MARC21/slim">
  <leader>02183ntm a2200397Ii 4500</leader>
  <controlfield tag="001">991058301966506011</controlfield>
  <controlfield tag="005">20220506120724.0</controlfield>
  <controlfield tag="008">220506s1529 sp 000 0 eng d</controlfield>
  <datafield ind1=" " ind2=" " tag="035">
    <subfield code="a">(OCoLC)1314385590h</subfield>
  </datafield>
  <datafield ind1=" " ind2=" " tag="035">
    <subfield code="a">(OCoLC)on1314385590h</subfield>
  </datafield>
  <datafield ind1=" " ind2=" " tag="040">
    <subfield code="a">HRH</subfield>
    <subfield code="b">eng</subfield>
    <subfield code="e">dcrmmss</subfield>
    <subfield code="c">HRH</subfield>
  </datafield>
  <datafield ind1=" " ind2=" " tag="041">
    <subfield code="a">spa</subfield>
  </datafield>
  <datafield ind1=" " ind2=" " tag="049">
    <subfield code="a">HRHH</subfield>
  </datafield>
  <datafield ind1=" " ind2="9" tag="099">
    <subfield code="a">MS 3327, Container 50</subfield>
  </datafield>
  <datafield ind1="0" ind2="0" tag="245">
    <subfield code="a">Royal decree, appointing Hernando Corte̹s Captain-General of New Spain
      :</subfield>
    <subfield code="k">manuscript.</subfield>
  </datafield>
  <datafield ind1=" " ind2="0" tag="264">
    <subfield code="a">Spain ;</subfield>
    <subfield code="c">1529</subfield>
  </datafield>
  <datafield ind1=" " ind2=" " tag="300">
    <subfield code="a">1 leaf :</subfield>
    <subfield code="b">parchment,</subfield>
    <subfield code="c">44 x 53 cm</subfield>
  </datafield>
  <datafield ind1=" " ind2=" " tag="336">
    <subfield code="a">text</subfield>
    <subfield code="b">txt</subfield>
    <subfield code="2">rdacontent</subfield>
  </datafield>
  <datafield ind1=" " ind2=" " tag="337">
    <subfield code="a">unmediated</subfield>
    <subfield code="b">n</subfield>
    <subfield code="2">rdamedia</subfield>
  </datafield>
  <datafield ind1=" " ind2=" " tag="338">
    <subfield code="a">volume</subfield>
    <subfield code="b">nc</subfield>
    <subfield code="2">rdacarrier</subfield>
  </datafield>
  <datafield ind1=" " ind2=" " tag="500">
    <subfield code="a">Title devised by cataloger.</subfield>
  </datafield>
  <datafield ind1=" " ind2=" " tag="500">
    <subfield code="a">Decoration includes illuminated initial capital and top edge.</subfield>
  </datafield>
  <datafield ind1=" " ind2=" " tag="500">
    <subfield code="a">Gothic rotunda script</subfield>
  </datafield>
  <datafield ind1=" " ind2=" " tag="506">
    <subfield code="a">Unrestricted in reading room, but coach user: use art handling technique to
      turn page; available for classroom use: show flat on table, no page turning. Oversize (show
      flat on table, no page turning)</subfield>
  </datafield>
  <datafield ind1=" " ind2=" " tag="581">
    <subfield code="a">Gonzalez-Gerth, Miguel. Hernando Corte̹s, Captain-General of New Spain.
      Library Chronicle N.S. no.13 (1980):83-89.</subfield>
  </datafield>
  <datafield ind1=" " ind2=" " tag="581">
    <subfield code="a">Miguel Gonzalez-Gerth, Hernando Corte̹s, Captain-General of New Spain,
      Library Chronicle N.S. no.13 (1980): 83-89.</subfield>
  </datafield>
  <datafield ind1=" " ind2=" " tag="590">
    <subfield code="a">MS 3327, Container 50: Taken from the Archive of the Hospital of Jesus in
      Mexico City by Prince Antonio Pignatelli, one of the heirs of Cort s, sometime after 1927;
      from the William H. and Miriam Lutcher Stark Library; see De Ricci, University of Texas, no.
      16. Bibliography: Miguel Gonzalez-Gerth, Hernando Cort s, Captain-General of New Spain,
      Library Chronicle N.S. no.13 (1980): 83-89. A translation and original housing preserved as MS
      3327, Container 50a.</subfield>
  </datafield>
  <datafield ind1=" " ind2="0" tag="650">
    <subfield code="a">Kings and rulers.</subfield>
  </datafield>
  <datafield ind1=" " ind2="7" tag="655">
    <subfield code="a">Decrees.</subfield>
    <subfield code="2">aat</subfield>
  </datafield>
  <datafield ind1=" " ind2="7" tag="655">
    <subfield code="a">Illuminated manuscripts.</subfield>
    <subfield code="2">aat</subfield>
  </datafield>
  <datafield ind1="1" ind2=" " tag="790">
    <subfield code="a">Hospital de Jes s Nazareno,</subfield>
    <subfield code="e">former owner.</subfield>
  </datafield>
  <datafield ind1="1" ind2=" " tag="790">
    <subfield code="a">Stark, William Henry, 1851-1936,</subfield>
    <subfield code="e">former owner.</subfield>
  </datafield>
  <datafield ind1="1" ind2=" " tag="790">
    <subfield code="a">Stark, Miriam Lutcher, 1859-1936,</subfield>
    <subfield code="e">former owner.</subfield>
  </datafield>
  <datafield ind1="2" ind2=" " tag="791">
    <subfield code="a">Medieval and Early Modern Manuscripts Collection.</subfield>
  </datafield>
  <datafield ind1=" " ind2=" " tag="752">
    <subfield code="a">Spain,</subfield>
    <subfield code="e">producation place.</subfield>
  </datafield>
  <datafield ind1=" " ind2=" " tag="994">
    <subfield code="a">C0</subfield>
    <subfield code="b">HRH</subfield>
  </datafield>
</record>
